<record><leader>00000cas a2200000 a 4500</leader><controlfield tag="001">14638134</controlfield><controlfield tag="008">861105d18871925inuwr ne      0    0eng c</controlfield><datafield ind1=" " ind2=" " tag="010"><subfield code="a">sn 86058869 </subfield></datafield><datafield ind1=" " ind2=" " tag="040"><subfield code="a">NPI</subfield><subfield code="b">eng</subfield><subfield code="c">NPI</subfield><subfield code="d">OCLCQ</subfield><subfield code="d">IUL</subfield><subfield code="d">OCLCF</subfield></datafield><datafield ind1=" " ind2=" " tag="042"><subfield code="a">pcc</subfield></datafield><datafield ind1=" " ind2=" " tag="043"><subfield code="a">n-us-in</subfield></datafield><datafield ind1="0" ind2=" " tag="130"><subfield code="a">Cannelton enquirer (Cannelton, Ind. : 1887)</subfield></datafield><datafield ind1="1" ind2="0" tag="245"><subfield code="a">Cannelton enquirer.</subfield></datafield><datafield ind1=" " ind2=" " tag="260"><subfield code="a">Cannelton, Perry County, Ind. :</subfield><subfield code="b">W.N. Underwood,</subfield><subfield code="c">1887-</subfield></datafield><datafield ind1=" " ind2=" " tag="300"><subfield code="a">v.</subfield></datafield><datafield ind1=" " ind2=" " tag="310"><subfield code="a">Weekly</subfield></datafield><datafield ind1="0" ind2=" " tag="362"><subfield code="a">Vol. 35, no. 14 (Oct. 8, 1887)-</subfield></datafield><datafield ind1="1" ind2=" " tag="362"><subfield code="a">Ceased in 1925?</subfield></datafield><datafield ind1=" " ind2=" " tag="500"><subfield code="a">Title from masthead.</subfield></datafield><datafield ind1=" " ind2=" " tag="588"><subfield code="a">Latest issue consulted: whole number 3668 (December 29, 1923) = current number 30; U.S. Newspaper Archive (viewed Aug. 16, 2017).</subfield></datafield><datafield ind1=" " ind2="0" tag="651"><subfield code="a">Cannelton (Ind.)</subfield><subfield code="v">Newspapers.</subfield></datafield><datafield ind1=" " ind2="0" tag="651"><subfield code="a">Perry County (Ind.)</subfield><subfield code="v">Newspapers.</subfield></datafield><datafield ind1=" " ind2="7" tag="651"><subfield code="a">Indiana</subfield><subfield code="z">Cannelton.</subfield><subfield code="2">fast</subfield><subfield code="0">(OCoLC)fst01249926</subfield></datafield><datafield ind1=" " ind2="7" tag="651"><subfield code="a">Indiana</subfield><subfield code="z">Perry County.</subfield><subfield code="2">fast</subfield><subfield code="0">(OCoLC)fst01215012</subfield></datafield><datafield ind1=" " ind2="7" tag="655"><subfield code="a">Newspapers.</subfield><subfield code="2">fast</subfield><subfield code="0">(OCoLC)fst01423814</subfield></datafield><datafield ind1=" " ind2=" " tag="752"><subfield code="a">United States</subfield><subfield code="b">Indiana</subfield><subfield code="c">Perry</subfield><subfield code="d">Cannelton.</subfield></datafield><datafield ind1="0" ind2="0" tag="780"><subfield code="t">Cannelton enquirer and reporter</subfield><subfield code="w">(DLC)sn 86058868</subfield><subfield code="w">(OCoLC)14575353</subfield></datafield><datafield ind1="4" ind2="1" tag="856"><subfield code="u">https://access.newspaperarchive.com/us/indiana/cannelton/cannelton-enquirer/</subfield></datafield></record>